@misc{tinkercad,
  title = {TinkerCad: Arduino Simulator},
  howpublished = {\url{https://www.tinkercad.com/}}
}
@misc{gpio,
  title = {Wikipedia: GPIO},
  howpublished = {\url{https://en.wikipedia.org/wiki/General-purpose_input/output}}
}
@misc{pwm,
  title = {Wikipedia: Pulse Width Modulation (PWM)},
  howpublished = {\url{https://en.wikipedia.org/wiki/Pulse-width_modulation}}
}
@misc{arduino_software,
  title = {Ardunio Software Download},
  howpublished = {\url{https://www.arduino.cc/en/Main/Software}}
}
@misc{ardunio_pwm,
  title = {Arduino Guide for PWM},
  howpublished = {\url{https://www.arduino.cc/en/Tutorial/PWM}}
}
@misc{functions,
  title = {Functions},
  howpublished = {\url{http://www.cplusplus.com/doc/tutorial/functions/}}
}
@misc{scope,
  title = {Computer Science Scope},
  howpublished = {\url{https://en.wikipedia.org/wiki/Scope_(computer_science)}
}
@misc{control,
  title = {Control Loop},
  howpublished = {\url{http://www.cplusplus.com/doc/tutorial/control/}}
}