@misc{i2c,
  title = {$I^2C$ Overview and More Information},
  howpublished = {\url{https://learn.sparkfun.com/tutorials/i2c}}
}
@misc{TSL2561_Github,
  title = {Github page for TSL2561},
  howpublished = {\url{https://github.com/adafruit/Adafruit_TSL2561}}
}
@misc{TSL2561_Specs,
  title = {Spec sheet for the TSL2561},
  howpublished = {\url{https://cdn-shop.adafruit.com/datasheets/TSL2561.pdf}}
}
@misc{circuit_tool,
  title = {Autodesk circuit simulation software},
  howpublished = {\url{https://www.tinkercad.com/}}
}
@misc{arduino,
  title = {Arduino Software},
  howpublished = {\url{https://www.arduino.cc/en/Main/Software}}
}
@misc{fritzing,
  title = {Fritzing Simulation Software},
  howpublished = {\url{http://fritzing.org/download/}}
}
@misc{arduino_guide,
  title = {Arduino Wiring Guide for tsl2561},
  howpublished = {\url{https://learn.adafruit.com/tsl2561/arduino-code}}
}
@misc{arduino_library_guide,
  title = {Arduino Libraries Guide},
  howpublished = {\url{https://learn.adafruit.com/adafruit-all-about-arduino-libraries-install-use/how-to-install-a-library}}
}
@misc{arduino_error_walkthrough,
  title = {Arduino Common Errors},
  howpublished = {\url{https://www.arduino.cc/en/Guide/Arduino101\#toc4}}
}
@misc{arduino_datalogger,
  title = {Arduino Data Logger Tutorial},
  howpublished = {\url{https://learn.adafruit.com/adafruit-data-logger-shield/overview}}
}
@misc{arduino_sd,
  title = {Arduino Board with SD Card},
  howpublished = {\url{https://learn.adafruit.com/adafruit-feather-m0-adalogger/using-the-sd-card}}
}
@misc{photoresistor,
  title = {Photoresistor},
  howpublished = {\url{https://en.wikipedia.org/wiki/Photoresistor}}
}
@misc{photoresistor_guide,
  title = {Photoresistor Walkthrough},
  howpublished = {\url{https://learn.adafruit.com/photocells/using-a-photocell}}
}
@misc{voc,
  title = {VOC Wiki},
  howpublished = {\url{https://en.wikipedia.org/wiki/Volatile_organic_compound}}
}
@misc{voc_guide,
  title = {Air Quality Tutorial},
  howpublished = {\url{https://learn.adafruit.com/adafruit-ccs811-air-quality-sensor}}
}