@misc{cpp,
  title = {Online CPP compiler and development environment},
  howpublished = {\url{http://cpp.sh}}
}
@online{mit_course,
  author = {Dunietz, J., Kovacs, G., Marrero, J.},
  year = {2011},
  month = {January},
  title = {Introduction to C},
  url = {https://ocw.mit.edu/courses/electrical-engineering-and-computer-science/6-096-introduction-to-c-january-iap-2011/lecture-notes/},
  organization = {Massachusetts Institute of Technology: MIT OpenCourseWare},
  addendum = {License: Creative Commons BY-NC-SA}
}
@misc{serial,
  title = {Serial Monitor Guide},
  howpublished = {\url{https://learn.adafruit.com/adafruit-arduino-lesson-5-the-serial-monitor?view=all}}
}
@misc{cpp_extra,
  title = {C++ Variables},
  howpublished = {\url{http://www.cplusplus.com/doc/tutorial/variables/}}
}
@misc{cpp_array,
  title = {C++ Arrays},
  howpublished = {\url{http://www.cplusplus.com/doc/tutorial/arrays/}}
}
@misc{comp_op,
  title = {Comparison Operators},
  howpublished = {\url{http://en.cppreference.com/w/cpp/language/operator_comparison}}
}
@misc{functions,
  title = {Functions},
  howpublished = {\url{http://www.cplusplus.com/doc/tutorial/functions/}}
}
@misc{scope,
  title = {Computer Science Scope},
  howpublished = {\url{https://en.wikipedia.org/wiki/Scope_(computer_science)}
}
@misc{control,
  title = {Control Loop},
  howpublished = {\url{http://www.cplusplus.com/doc/tutorial/control/}}
}