@book{adams1995hitchhiker,
  title={The Hitchhiker's Guide to the Galaxy},
  author={Adams, D.},
  isbn={9781417642595},
  url={http://books.google.com/books?id=W-xMPgAACAAJ},
  year={1995},
  publisher={San Val}
}
@book{9780133116649,
  Author = {Allan R. Hambley},
  Title = {Electrical Engineering: Principles \& Applications (6th Edition)},
  Publisher = {Pearson},
  Year = {2013},
  ISBN = {0133116646},
  URL = {https://www.amazon.com/Electrical-Engineering-Principles-Applications-6th/dp/0133116646?SubscriptionId=AKIAIOBINVZYXZQZ2U3A&tag=chimbori05-20&linkCode=xm2&camp=2025&creative=165953&creativeASIN=0133116646}
}
@book{9780393930047,
  Author = {Hans C. Ohanian and John T. Markert Ph.D.},
  Title = {Physics for Engineers and Scientists, Volume 2, Third Edition (Chapters 22-36 v. 2)},
  Publisher = {W. W. Norton \& Company},
  Year = {2007},
  ISBN = {0393930041},
  URL = {https://www.amazon.com/Physics-Engineers-Scientists-Third-Chapters/dp/0393930041?SubscriptionId=AKIAIOBINVZYXZQZ2U3A&tag=chimbori05-20&linkCode=xm2&camp=2025&creative=165953&creativeASIN=0393930041}
}
